@article{DBLP:journals/ijon/MerchaB23,
  author       = {El Mahdi Mercha and
                  Houda Benbrahim},
  title        = {Machine learning and deep learning for sentiment analysis across languages:
                  {A} survey},
  journal      = {Neurocomputing},
  volume       = {531},
  pages        = {195--216},
  year         = {2023},
  url          = {https://doi.org/10.1016/j.neucom.2023.02.015},
  doi          = {10.1016/j.neucom.2023.02.015},
  timestamp    = {Tue, 21 Mar 2023 16:08:02 +0100},
  biburl       = {https://dblp.org/rec/journals/ijon/MerchaB23.bib},
  bibsource    = {dblp computer science bibliography, https://dblp.org}
}


@article{DBLP:journals/widm/ZhangWL18,
  author       = {Lei Zhang and
                  Shuai Wang and
                  Bing Liu},
  title        = {Deep learning for sentiment analysis: {A} survey},
  journal      = {WIREs Data Mining Knowl. Discov.},
  volume       = {8},
  number       = {4},
  year         = {2018},
  url          = {https://doi.org/10.1002/widm.1253},
  doi          = {10.1002/widm.1253},
  timestamp    = {Fri, 21 Jan 2022 14:37:49 +0100},
  biburl       = {https://dblp.org/rec/journals/widm/ZhangWL18.bib},
  bibsource    = {dblp computer science bibliography, https://dblp.org}
}


@article{DBLP:journals/corr/abs-1801-07883,
  author       = {Lei Zhang and
                  Shuai Wang and
                  Bing Liu},
  title        = {Deep Learning for Sentiment Analysis : {A} Survey},
  journal      = {CoRR},
  volume       = {abs/1801.07883},
  year         = {2018},
  url          = {http://arxiv.org/abs/1801.07883},
  eprinttype    = {arXiv},
  eprint       = {1801.07883},
  timestamp    = {Thu, 24 Sep 2020 18:35:11 +0200},
  biburl       = {https://dblp.org/rec/journals/corr/abs-1801-07883.bib},
  bibsource    = {dblp computer science bibliography, https://dblp.org}
}


@article{DBLP:journals/access/WangWZ23,
  author       = {Xuqi Wang and
                  Xianfeng Wang and
                  Shanwen Zhang},
  title        = {Adverse Drug Reaction Detection From Social Media Based on Quantum
                  Bi-LSTM With Attention},
  journal      = {{IEEE} Access},
  volume       = {11},
  pages        = {16194--16202},
  year         = {2023},
  url          = {https://doi.org/10.1109/ACCESS.2022.3151900},
  doi          = {10.1109/ACCESS.2022.3151900},
  timestamp    = {Sat, 11 Mar 2023 00:12:15 +0100},
  biburl       = {https://dblp.org/rec/journals/access/WangWZ23.bib},
  bibsource    = {dblp computer science bibliography, https://dblp.org}
}

@article{DBLP:journals/algorithms/LuYLXYY23,
  author       = {Xinxi Lu and
                  Lijuan Yuan and
                  Ruifeng Li and
                  Zhihuan Xing and
                  Ning Yao and
                  Yichun Yu},
  title        = {An Improved Bi-LSTM-Based Missing Value Imputation Approach for Pregnancy
                  Examination Data},
  journal      = {Algorithms},
  volume       = {16},
  number       = {1},
  pages        = {12},
  year         = {2023},
  url          = {https://doi.org/10.3390/a16010012},
  doi          = {10.3390/a16010012},
  timestamp    = {Fri, 10 Feb 2023 23:34:51 +0100},
  biburl       = {https://dblp.org/rec/journals/algorithms/LuYLXYY23.bib},
  bibsource    = {dblp computer science bibliography, https://dblp.org}


@article{DBLP:journals/apin/QiuCY23,
  author       = {Dong Qiu and
                  Lei Chen and
                  Yang Yu},
  title        = {Document-level paraphrase generation base on attention enhanced graph
                  {LSTM}},
  journal      = {Appl. Intell.},
  volume       = {53},
  number       = {9},
  pages        = {10459--10471},
  year         = {2023},
  url          = {https://doi.org/10.1007/s10489-022-04031-z},
  doi          = {10.1007/s10489-022-04031-z},
  timestamp    = {Thu, 15 Jun 2023 21:57:22 +0200},
  biburl       = {https://dblp.org/rec/journals/apin/QiuCY23.bib},
  bibsource    = {dblp computer science bibliography, https://dblp.org}
}


@article{DBLP:journals/access/UvegesR23,
  author       = {Istv{\'{a}}n {\"{U}}veges and
                  Orsolya Ring},
  title        = {HunEmBERT: {A} Fine-Tuned BERT-Model for Classifying Sentiment and
                  Emotion in Political Communication},
  journal      = {{IEEE} Access},
  volume       = {11},
  pages        = {60267--60278},
  year         = {2023},
  url          = {https://doi.org/10.1109/ACCESS.2023.3285536},
  doi          = {10.1109/ACCESS.2023.3285536},
  timestamp    = {Wed, 28 Jun 2023 17:28:55 +0200},
  biburl       = {https://dblp.org/rec/journals/access/UvegesR23.bib},
  bibsource    = {dblp computer science bibliography, https://dblp.org}
}